% BibTeX database for AFT at i3A

%% bibtexfile{
%%  author	= " ",
%%  version	= "1.0",
%%  date	= "10 April 2003",
%%  filename	= "fuzzy.bib",
%%  adress	= "Fachhochschule Trier
%%		   University of Applied Sciences Trier
%%		   Postfach 1826
%%		   D-54208 Trier
%%		   Germany",
%%  email	= "<i3a.fh-trier.de>" }


% How to use this file within an german document!
%
% - set 'german' as global option to documentclass
%   e.g.: '\documentclass[12pt,a4paper,oneside,german,epsfig]{ai-paper}'
% - use package 'babel': '\usepackage{babel}'
% - use package 'bibgerm': '\usepackage{bibgerm}'
% - use bibstyle 'geralpha', 'gerplain', ...
%   e.g.: '\bibliographystyle{geralpha}'
%
% Within this .bib-file use 'and' to specify more than one author. 
% You have to use only the english abbreviations WITHOUT curly brackets
% for months! e.g.: 'jan', 'feb', 'mar', 'apr', 'mai', 'jun', 'jul',
% 'aug', 'sep', 'oct', 'nov', 'dec'.



% Short explanation of entry types:
%
% Article:          An article from a journal or magazine.
% Book:             A Book with an explicit publisher.
% Booklet:          A work that is printed and bound, but without a 
%                   named publisher or sponsoring institution.
% InBook:           A part of a book which may be a chapter (or section
%                   or whatever) and/or a range of pages.
% InCollection:     A part of a book having ots own title.
% InProceedings:    An article in a conference proceedings.
% Manual:           Technical documentation.
% Mastersthesis:    A Master's thesis.
% Misc:             Use this type when nothing else fits.
% PhDthesis:        A PhD thesis.
% Proceedings:      The proceedings of a conference. See also: inproceedings.
% Techreport:       A report published by a school or other institution, 
%                   usally numbered within a series.
%
% Further Information may be found at www.din1505.informationskompetenz.net



%%%%%%%% article
%%
%% An article from a journal or magazine.
%%
%% Required fields:
%% author, title, journal, year
%%
%% Optional fields:
%% volume, number, pages, month, note


%%%%%%%% book
%%
%% A Book with an explicit publisher.
%%
%% Required fields:
%% author or editor, title, publisher, year
%%
%% Optional fields:
%% volume or number, series, address, edition, month, isbn, note

@masterthesis{Kaster:05,
	author = {Andreas Kaster},
	title = {{Automatische Dokumentklassifikation mittels linguistischer und stilistischer Features}},
	school = {Universität des Saarlandes Naturwissenschaftlich-Technische Fak. I},
	year = 2005,
	type	= {Diplomarbeit}
}

@misc{TP:16,
	author = {Jochen Fuchs,  Jürgen Fuchs and Thomas Hormesch},
	title = {{Entwurf und Realisierung eines Systems zur prioritätsgesteuerten Suche im Internet}},
	school = {Hochschule Trier},
	type = {Teamprojekt},
	year = 2016
	
}
@misc{Rennie:03,
	author = {Jason D. M. Rennie, Lawrence Shih, Jaime Teevan and David R. Karger},
	title = {{Tackling the Poor Assumptions of Naive Bayes Text Classifiers}},
	institution = {Artificial Intelligence Laboratory; Massachusetts Institute of Technology; Cambridge, MA 02139},
	year = 2003
}

@misc{Manning:08,
	author = {Christopher D. Manning, Prabhakar Raghavan and Hinrich Schütze},
	title = {Introduction to Information Retrieval},
	url = {http://www-nlp.stanford.edu/IR-book/},
	note = {\newline\url{http://www-nlp.stanford.edu/IR-book/}\newline(Stand: 08.12.2016)},
	institution = {Stanford University},
	publisher = {Cambridge University Press.},
	isbn = {0521865719},
	year = 2008}

@book{Cormen:90,
  author	= {Thomas H. Cormen and Charles E. Leiserson and Ronald L. Rivest},
  title		= {{Introduction to Algorithms}},
  year		= 1990,
  isbn		= {0-262-03141-8}
}

@book{Heckenthaler:96,
  author	= {Thomas Heckenthaler},
  title		= {{Systematischer Entwurf fast-zeitoptimaler Fuzzy-Regelungen.}},
  publisher	= {Shaker Verlag, Aachen},
  year		= 1996,
}


%%%%%%%% booklet
%%
%% A work that is printed and bound, but without a named publisher or
%% sponsoring institution.
%%
%% Required fields:
%% title
%%
%% Optional fields:
%% author, howpublished, address, month, year, note



%%%%%%%% inbook
%%
%% A part of a book which may be a chapter (or section or whatever) and/or 
%% a range of pages.
%%
%% Required fields:
%% author or editor, title, chapter and/or pages, publisher, year
%%
%% Optional fields:
%% volume or number, series, type, address, edition, month, note



%%%%%%%% incollection
%%
%% A part of a book having its own title.
%%
%% Required fields:
%% author, title, booktitle, publisher, year
%%
%% Optional fields:
%% editor, volume or number, series, type, chapter, pages, address, 
%% edition, month, note




%%%%%%%% inproceedings
%%
%% An article in a conference preceedings.
%%
%% Required fields:
%% author, title, booktitle, year
%%
%% Optional fields:
%% editor, volume or number, series, pages, address, month, organization, 
%% publisher, note


%%%%%%%% manual
%%
%% Technical documentation.
%%
%% Required fields:
%% title
%%
%% Optional fields:
%% author, editor, organization, address, edition, month, year, note

%%%%%%%% mastersthesis
%%
%% A Master's thesis.
%%
%% Required fields:
%% author, title, school, year
%%
%% Optional fields:
%% type, address, month, note



%%%%%%%% misc
%%
%% Use this type when nothing else fits.
%%
%% Required fields:
%% none.
%%
%% Optional fields:
%% author, title, url, month, year, note


@misc{Quicklisp,
	title={{Quicklisp Homepage}},
	author = {Zach Beane},
	url = {https://www.quicklisp.org/beta/},
	note = {\newline\url{https://www.quicklisp.org/beta/} (Stand: 08.12.2016)}
	}

@misc{Bauman:16,
	title = {{Closure-HTML Homepage}},
	author = {Gilbert Bauman},
	url = {https://common-lisp.net/project/closure/closure-html/},
	note = {\newline\url{https://common-lisp.net/project/closure/closure-html/} (Stand: 08.12.2016)}}


%%%%%%%% phdthesis
%%
%% A PhD thesis.
%%
%% Required fields:
%% author, title, school, year
%% 
%% Optional fields:
%% type, address, month, note

%%%%%%%% proceedings
%%
%% The proceedings of a conference. See also: inproceedings.
%%
%% Required fields:
%% title, year
%%
%% Optional fields:
%% editor, volume or number, series, address, month, organization, publisher, note

%%%%%%%% techreport
%%
%% A report published by a school or other institution, usally 
%% numbered within a series.
%%
%% Required fields:
%% author, title, institution, year
%%
%% Optional fields:
%% type, number, address, month, note
